<?xml version="1.0" encoding="UTF-8"?>
<Document xsi:schemaLocation="urn:iso:std:iso:20022:tech:xsd:pain.001.001.03 pain.001.001.03.xsd" xmlns="urn:iso:std:iso:20022:tech:xsd:pain.001.001.03" xmlns:xsi="http://www.w3.org/2001/XMLSchema-instance">
  <CstmrCdtTrfInitn>
    <GrpHdr>
      <MsgId>MSGID</MsgId>
      <CreDtTm>2017-06-07T14:39:33</CreDtTm>
      <NbOfTxs>1</NbOfTxs>
      <CtrlSum>70000</CtrlSum>
      <InitgPty>
        <Nm>Emiter Name</Nm>
      </InitgPty>
    </GrpHdr>
    <PmtInf>
      <PmtInfId>2017-06-07T14:39:33</PmtInfId>
      <PmtMtd>TRF</PmtMtd>
      <BtchBookg>true</BtchBookg>
      <NbOfTxs>1</NbOfTxs>
      <CtrlSum>70000</CtrlSum>
      <PmtTpInf>
        <SvcLvl>
          <Cd>SEPA</Cd>
        </SvcLvl>
      </PmtTpInf>
      <ReqdExctnDt>2017-06-11</ReqdExctnDt>
      <Dbtr>
        <Nm>Emiter Name</Nm>
        <PstlAdr>
          <Ctry>US</Ctry>
          <AdrLine>Your Street 120</AdrLine>
          <AdrLine>76657 Your City, Country</AdrLine>
        </PstlAdr>
      </Dbtr>
      <DbtrAcct>
        <Id>
          <IBAN>FR1420041010050500013M02606</IBAN>
        </Id>
      </DbtrAcct>
      <DbtrAgt>
        <FinInstnId>
          <BIC>BKAUATWW</BIC>
        </FinInstnId>
      </DbtrAgt>
      <ChrgBr>SLEV</ChrgBr>
      <CdtTrfTxInf>
        <PmtId>
          <InstrId>F201705</InstrId>
          <EndToEndId>F201705</EndToEndId>
        </PmtId>
        <Amt>
          <InstdAmt Ccy="EUR">70000</InstdAmt>
        </Amt>
        <CdtrAgt>
          <FinInstnId>
            <BIC>BFAUAUWA</BIC>
          </FinInstnId>
        </CdtrAgt>
        <Cdtr>
          <Nm>DEV Electronics</Nm>
        </Cdtr>
        <CdtrAcct>
          <Id>
            <IBAN>GB29NWBK60161331926819</IBAN>
          </Id>
        </CdtrAcct>
        <RmtInf>
          <Ustrd>Invoice 12345</Ustrd>
        </RmtInf>
      </CdtTrfTxInf>
    </PmtInf>
  </CstmrCdtTrfInitn>
</Document>
